<?xml version="1.0" encoding="UTF-8"?><record xmlns="http://www.loc.gov/MARC21/slim" xmlns:cinclude="http://apache.org/cocoon/include/1.0" xmlns:zs="http://www.loc.gov/zing/srw/">
  <leader>00530cz  a2200145n  4500</leader>
  <controlfield tag="001">n  82200226 </controlfield>
  <controlfield tag="003">DLC</controlfield>
  <controlfield tag="005">20090102075425.0</controlfield>
  <controlfield tag="008">830727n| acannaabn          |n ana      </controlfield>
  <datafield tag="010" ind1=" " ind2=" ">
    <subfield code="a">n  82200226 </subfield>
  </datafield>
  <datafield tag="035" ind1=" " ind2=" ">
    <subfield code="a">(OCoLC)oca00863504</subfield>
  </datafield>
  <datafield tag="040" ind1=" " ind2=" ">
    <subfield code="a">DLC</subfield>
    <subfield code="b">eng</subfield>
    <subfield code="c">DLC</subfield>
    <subfield code="d">OCoLC</subfield>
  </datafield>
  <datafield tag="110" ind1="2" ind2=" ">
    <subfield code="a">Trailside Country School</subfield>
  </datafield>
  <datafield tag="670" ind1=" " ind2=" ">
    <subfield code="a">Cohen, M. J. Our classroom is wild America, 1974.</subfield>
  </datafield>
  <datafield tag="670" ind1=" " ind2=" ">
    <subfield code="a">Cohen, M. J. Our classroom is wild ... 1978 (subj.)</subfield>
    <subfield code="b">p. vi (Trailside Country School) p. 16 (a traveling ecological school, centered in Killington, Vermont)</subfield>
  </datafield>
</record>